<record><leader>00000cas a22000007a 4500</leader><controlfield tag="001">40308095</controlfield><controlfield tag="008">981113d19uu1981cauwr ne      0    0eng d</controlfield><datafield ind1=" " ind2=" " tag="010"><subfield code="a">sn 98061936 </subfield></datafield><datafield ind1=" " ind2=" " tag="040"><subfield code="a">CNK</subfield><subfield code="b">eng</subfield><subfield code="c">CNK</subfield><subfield code="d">OCLCQ</subfield><subfield code="d">OCLCF</subfield><subfield code="d">OCLCO</subfield></datafield><datafield ind1="1" ind2=" " tag="029"><subfield code="a">AU@</subfield><subfield code="b">000024787274</subfield></datafield><datafield ind1=" " ind2=" " tag="042"><subfield code="a">msc</subfield></datafield><datafield ind1=" " ind2=" " tag="043"><subfield code="a">n-us-ca</subfield></datafield><datafield ind1="0" ind2="0" tag="245"><subfield code="a">Carmel Valley outlook.</subfield></datafield><datafield ind1=" " ind2=" " tag="260"><subfield code="a">Carmel Valley, Calif. :</subfield><subfield code="b">William Norton</subfield></datafield><datafield ind1=" " ind2=" " tag="300"><subfield code="a">v.</subfield></datafield><datafield ind1=" " ind2=" " tag="310"><subfield code="a">Weekly</subfield></datafield><datafield ind1="1" ind2=" " tag="362"><subfield code="a">Ceased in 1981.</subfield></datafield><datafield ind1=" " ind2=" " tag="515"><subfield code="a">Vol. and numbering designations dropped &lt;Aug. 1, 1974&gt;; resumed Jan. 4, 1979.</subfield></datafield><datafield ind1=" " ind2=" " tag="588"><subfield code="a">Description based on: Vol. 6, no. 6 (Feb. 8, 1967).</subfield></datafield><datafield ind1=" " ind2="0" tag="651"><subfield code="a">Carmel Valley (Calif.)</subfield><subfield code="v">Newspapers.</subfield></datafield><datafield ind1=" " ind2="7" tag="655"><subfield code="a">Newspapers.</subfield><subfield code="2">fast</subfield><subfield code="0">(OCoLC)fst01423814</subfield></datafield><datafield ind1=" " ind2="7" tag="651"><subfield code="a">California</subfield><subfield code="z">Carmel Valley.</subfield><subfield code="2">fast</subfield><subfield code="0">(OCoLC)fst01215443</subfield></datafield><datafield ind1=" " ind2=" " tag="752"><subfield code="a">United States</subfield><subfield code="b">California</subfield><subfield code="c">Monterey</subfield><subfield code="d">Carmel.</subfield></datafield><datafield ind1="0" ind2="7" tag="785"><subfield code="t">Carmel pine cone (Carmel, Calif. : 1962)</subfield><subfield code="w">(DLC)sn 93053272</subfield></datafield><datafield ind1="0" ind2="7" tag="785"><subfield code="t">Carmel pine cone and Carmel Valley outlook</subfield><subfield code="w">(DLC)sn 93053273</subfield></datafield></record>